% Encoding: UTF-8

@article{Zelik2009,
  doi = {10.1090/memo/0925},
  url = {https://doi.org/10.1090/memo/0925},
  year = {2009},
  publisher = {American Mathematical Society ({AMS})},
  volume = {198},
  number = {925},
  pages = {0--0},
  author = {Sergey Zelik and Alexander Mielke},
  title = {Multi-pulse evolution and space-time chaos in dissipative systems},
  journal = {Memoirs of the American Mathematical Society}
}

@Article{Grillakis1987,
  author    = {Manoussos Grillakis and Jalal Shatah and Walter Strauss},
  title     = {Stability theory of solitary waves in the presence of symmetry, I},
  journal   = {Journal of Functional Analysis},
  year      = {1987},
  volume    = {74},
  number    = {1},
  pages     = {160--197},
  month     = {sep},
  doi       = {10.1016/0022-1236(87)90044-9},
  publisher = {Elsevier {BV}},
}

@Article{Grillakis1990,
  author    = {Manoussos Grillakis and Jalal Shatah and Walter Strauss},
  title     = {Stability theory of solitary waves in the presence of symmetry, {II}},
  journal   = {Journal of Functional Analysis},
  year      = {1990},
  volume    = {94},
  number    = {2},
  pages     = {308--348},
  month     = {dec},
  doi       = {10.1016/0022-1236(90)90016-e},
  publisher = {Elsevier {BV}},
}

@Article{Ipsen2008,
  author    = {Ilse C. F. Ipsen and Rizwana Rehman},
  title     = {Perturbation Bounds for Determinants and Characteristic Polynomials},
  journal   = {{SIAM} Journal on Matrix Analysis and Applications},
  year      = {2008},
  volume    = {30},
  number    = {2},
  pages     = {762--776},
  month     = {jan},
  doi       = {10.1137/070704770},
  publisher = {Society for Industrial {\&} Applied Mathematics ({SIAM})},
}

@Article{Chen1997,
  author    = {Y. Chen and P.J. McKenna},
  title     = {Traveling Waves in a Nonlinearly Suspended Beam: Theoretical Results and Numerical Observations},
  journal   = {Journal of Differential Equations},
  year      = {1997},
  volume    = {136},
  number    = {2},
  pages     = {325--355},
  month     = {may},
  doi       = {10.1006/jdeq.1996.3155},
  publisher = {Elsevier {BV}},
}

@Article{Berg2018,
  author    = {Jan Bouwe van den Berg and Maxime Breden and Jean-Philippe Lessard and Maxime Murray},
  title     = {Continuation of homoclinic orbits in the suspension bridge equation: A computer-assisted proof},
  journal   = {Journal of Differential Equations},
  year      = {2018},
  volume    = {264},
  number    = {5},
  pages     = {3086--3130},
  month     = {mar},
  doi       = {10.1016/j.jde.2017.11.011},
  publisher = {Elsevier {BV}},
}

@Article{Chamard2011,
  author    = {Jeremy Chamard and Josef Otta and David J. B. Lloyd},
  title     = {Computation of Minimum Energy Paths for~Quasi-Linear Problems},
  journal   = {Journal of Scientific Computing},
  year      = {2011},
  volume    = {49},
  number    = {2},
  pages     = {180--194},
  month     = {jan},
  doi       = {10.1007/s10915-011-9462-x},
  publisher = {Springer Nature},
}

@Article{Smets2002,
  author    = {Didier Smets and Jan Bouwe van den Berg},
  title     = {Homoclinic Solutions for {S}wift{\textendash}{H}ohenberg and Suspension Bridge Type Equations},
  journal   = {Journal of Differential Equations},
  year      = {2002},
  volume    = {184},
  number    = {1},
  pages     = {78--96},
  month     = {sep},
  doi       = {10.1006/jdeq.2001.4135},
  publisher = {Elsevier {BV}},
}

@Article{McKenna1990,
  author    = {P. J. McKenna and W. Walter},
  title     = {Travelling Waves in a Suspension Bridge},
  journal   = {{SIAM} Journal on Applied Mathematics},
  year      = {1990},
  volume    = {50},
  number    = {3},
  pages     = {703--715},
  month     = {jun},
  doi       = {10.1137/0150041},
  publisher = {Society for Industrial {\&} Applied Mathematics ({SIAM})},
}

@Article{Hammarling2013,
  author    = {Sven Hammarling and Christopher J. Munro and Fran{\c{c}}oise Tisseur},
  title     = {An algorithm for the complete solution of quadratic eigenvalue problems},
  journal   = {{ACM} Transactions on Mathematical Software},
  year      = {2013},
  volume    = {39},
  number    = {3},
  pages     = {1--19},
  month     = {apr},
  doi       = {10.1145/2450153.2450156},
  publisher = {Association for Computing Machinery ({ACM})},
}

@Book{Kapitula2013,
  title     = {Spectral and Dynamical Stability of Nonlinear Waves},
  publisher = {Springer New York},
  year      = {2013},
  author    = {Todd Kapitula, Keith Promislow},
  date      = {2013-06-06},
  ean       = {9781461469957},
}

@Article{Pelinovsky2007,
  author    = {Dmitry Pelinovsky and Marina Chugunova},
  title     = {Two-pulse solutions in the fifth-order {KdV} equation: Rigorous theory and numerical approximations},
  journal   = {Discrete and Continuous Dynamical Systems - Series B},
  year      = {2007},
  volume    = {8},
  number    = {4},
  pages     = {773--800},
  month     = {aug},
  doi       = {10.3934/dcdsb.2007.8.773},
  publisher = {American Institute of Mathematical Sciences ({AIMS})},
}

@Article{Zumbrun2009,
  author      = {Kevin Zumbrun},
  title       = {Numerical error analysis for {E}vans function computations: a numerical gap lemma, centered-coordinate methods, and the unreasonable effectiveness of continuous orthogonalization},
  date        = {2009-04-01},
  eprint      = {http://arxiv.org/abs/0904.0268v2},
  eprintclass = {math.NA},
  eprinttype  = {arXiv},
  file        = {:http\://arxiv.org/pdf/0904.0268v2:PDF},
  keywords    = {math.NA, 65F99},
}

@Article{Bridges2002,
  author    = {Thomas J. Bridges and Gianne Derks},
  title     = {Linear Instability of Solitary Wave Solutions of the {K}awahara Equation and Its Generalizations},
  journal   = {{SIAM} Journal on Mathematical Analysis},
  year      = {2002},
  volume    = {33},
  number    = {6},
  pages     = {1356--1378},
  month     = {jan},
  doi       = {10.1137/s0036141099361494},
  publisher = {Society for Industrial {\&} Applied Mathematics ({SIAM})},
}

@Article{Bridges2002a,
  author    = {Thomas J. Bridges and Gianne Derks and Georg Gottwald},
  title     = {Stability and instability of solitary waves of the fifth-order {KdV} equation: a numerical framework},
  journal   = {Physica D: Nonlinear Phenomena},
  year      = {2002},
  volume    = {172},
  number    = {1-4},
  pages     = {190--216},
  month     = {nov},
  doi       = {10.1016/s0167-2789(02)00655-3},
  publisher = {Elsevier {BV}},
}

@Article{Groves1998,
  author    = {M D Groves},
  title     = {Solitary-wave solutions to a class of fifth-order model equations},
  journal   = {Nonlinearity},
  year      = {1998},
  volume    = {11},
  number    = {2},
  pages     = {341--353},
  month     = {mar},
  abstract  = {This paper considers the fifth-order equation 
 for a certain class of nonlinearity f. A  solitary-wave solution to this equation is a solution of the form , where c is a constant and r vanishes as . It is shown that the equation has at least one non-zero solitary-wave solution when c<0,  and a countably infinite family of geometrically distinct solitary-wave solutions when c<0, .},
  doi       = {10.1088/0951-7715/11/2/009},
  publisher = {{IOP} Publishing},
  url       = {https://doi.org/10.1088%2F0951-7715%2F11%2F2%2F009},
}

@InCollection{Sandstede2013,
  author    = {BjÃ¶rn Sandstede},
  title     = {Homoclinic Flip Bifurcations in Conservative Reversible Systems},
  booktitle = {Recent Trends in Dynamical Systems},
  publisher = {Springer Basel},
  year      = {2013},
  pages     = {107--123},
  doi       = {10.1007/978-3-0348-0451-6_6},
}

@Article{Champneys1997,
  author    = {Alan R. Champneys and Mark D. Groves},
  title     = {A global investigation of solitary-wave solutions to a two-parameter model for water waves},
  journal   = {Journal of Fluid Mechanics},
  year      = {1997},
  volume    = {342},
  pages     = {199--229},
  month     = {jul},
  doi       = {10.1017/s0022112097005193},
  publisher = {Cambridge University Press ({CUP})},
}

@Article{Champneys1998,
  author    = {A.R. Champneys},
  title     = {Homoclinic orbits in reversible systems and their applications in mechanics, fluids and optics},
  journal   = {Physica D: Nonlinear Phenomena},
  year      = {1998},
  volume    = {112},
  number    = {1-2},
  pages     = {158--186},
  month     = {jan},
  doi       = {10.1016/s0167-2789(97)00209-1},
  publisher = {Elsevier {BV}},
}

@article{Levandosky1999,
title = "A stability analysis of fifth-order water wave models",
journal = "Physica D: Nonlinear Phenomena",
volume = "125",
number = "3",
pages = "222 - 240",
year = "1999",
issn = "0167-2789",
doi = "https://doi.org/10.1016/S0167-2789(98)00245-0",
url = "http://www.sciencedirect.com/science/article/pii/S0167278998002450",
author = "S.P. Levandosky",
keywords = "Traveling wave, Water wave model, Solitary wave",
}

@book{Davydov1985,
  doi = {10.1007/978-94-017-3025-9},
  url = {https://doi.org/10.1007/978-94-017-3025-9},
  year = {1985},
  publisher = {Springer Netherlands},
  author = {A. S. Davydov},
  title = {Solitons in Molecular Systems}
}

@book{Taylor1992,
  doi = {10.1017/cbo9780511524189},
  url = {https://doi.org/10.1017/cbo9780511524189},
  year = {1992},
  publisher = {Cambridge University Press},
  editor = {J. R. Taylor},
  title = {Optical Solitons}
}

@article{Kosevich1998,
  doi = {10.1134/1.558674},
  url = {https://doi.org/10.1134/1.558674},
  year = {1998},
  month = aug,
  publisher = {Pleiades Publishing Ltd},
  volume = {87},
  number = {2},
  pages = {401--407},
  author = {A. M. Kosevich and V. V. Gann and A. I. Zhukov and V. P. Voronov},
  title = {Magnetic soliton motion in a nonuniform magnetic field},
  journal = {Journal of Experimental and Theoretical Physics}
}

@book{Panos2008BEC,
  doi = {10.1007/978-3-540-73591-5},
  url = {https://doi.org/10.1007/978-3-540-73591-5},
  year = {2008},
  publisher = {Springer Berlin Heidelberg},
  editor = {Panayotis G. Kevrekidis and Dimitri J. Frantzeskakis and Ricardo Carretero-Gonz{\'{a}}lez},
  title = {Emergent Nonlinear Phenomena in {B}ose-{E}instein Condensates}
}

@article{SolitonPhysics,
author = {Dauxois, Thierry and Peyrard, Michel},
year = {2010},
month = {06},
pages = {},
title = {Physics of Solitons},
journal = {Physics of Solitons, by Thierry Dauxois , Michel Peyrard, Cambridge, UK: Cambridge University Press, 2010},
doi = {10.2277/0521854210}
}

@article{miles1981, 
title={The {K}orteweg-de {V}ries equation: a historical essay}, 
author={Miles, J. W.}, 
volume={106}, 
DOI={10.1017/S0022112081001559}, 
journal={Journal of Fluid Mechanics}, 
publisher={Cambridge University Press},
year={1981}, 
pages={131â147}
}

@book{drazin1989solitons,
  title={Solitons: An Introduction},
  author={Drazin, P.G. and Johnson, R.S.},
  isbn={9780521336550},
  lccn={88001083},
  series={Cambridge Texts in Applied Mathematcs},
  year={1989},
  publisher={Cambridge University Press}
}

@article{ANDRIOPOULOS2009,
  doi = {10.1142/s1402925109000285},
  url = {https://doi.org/10.1142/s1402925109000285},
  year = {2009},
  month = jan,
  publisher = {Informa {UK} Limited},
  volume = {16},
  number = {sup1},
  pages = {1--12},
  author =  {Andriopoulos, K., Bountis, T., van der Weele, K., and Tsigaridi L.},
  title = {{The} {shape} {of} {soliton}-{like} {solutions} {of} a {higher}-{order} {KdV} {equation} {describing} {water} {waves}},
  journal = {Journal of Nonlinear Mathematical Physics}
}

@misc{parker2019,
    title={Existence and spectral stability of multi-pulses in discrete {H}amiltonian lattice systems},
    author={Ross Parker and P. G. Kevrekidis and BjÃ¶rn Sandstede},
    year={2019},
    eprint={1910.11864},
    archivePrefix={arXiv},
    primaryClass={math.DS}
}

@Article{Jason2019,
  author  = {Bramburger, J.J. and Sandstede, B.},
  title   = {Spatially localized structures in lattice dynamical systems},
  journal = {J. Nonlinear Sci.},
  year    = {2019},
  volume  = {In press},
}
{beyn2,
 author    = {W.-J. Beyn and S. Selle and V. Th{\"u}mmler},
  title     = {Freezing Multipulses and Multifronts},
  journal   = {SIAM J. Appl. Dyn. Sys.},
  year      = {2008},
  volume    = {7},
  number    = {02},
  pages     = {577--608},
  doi       = {10.1137/07070749X},
  publisher = {Society for Industrial and Applied Mathematics,
}

@InProceedings{beyn3,
  author    = {Beyn, Wolf-J{\"u}rgen and Otten, Denny and Rottmann-Matthes, Jens},
  title     = {Freezing Traveling and Rotating Waves in Second Order Evolution Equations},
  booktitle = {Patterns of Dynamics},
  year      = {2017},
  editor    = {Gurevich, Pavel and Hell, Juliette and Sandstede, Bj{\"o}rn and Scheel, Arnd},
  pages     = {215--241},
  address   = {Cham},
  publisher = {Springer International Publishing},
  isbn      = {978-3-319-64173-7},
}
{CUCCAGNA200938,
title = "On instability of excited states of the nonlinear {Schr\"{o}dinger} equation",
journal = "Physica D: Nonlinear Phenomena",
volume = "238",x
number = "1",
pages = "38 - 54",
year = "2009",
issn = "0167-2789",
doi = "https://doi.org/10.1016/j.physd.2008.08.010",
url = "http://www.sciencedirect.com/science/article/pii/S0167278908003217",
author = "Scipio Cuccagna",
keywords = "Stability, Standing wave",
abstract = "We introduce a new notion of linear stability for standing waves of the nonlinear SchrÃ¶dinger equation (NLS) which requires not only that the spectrum of the linearization be real, but also that the generalized kernel be not degenerate and that the signature of all the positive eigenvalues be positive. We prove that excited states of the NLS are not linearly stable in this more restrictive sense. We then give a partial proof that this more restrictive notion of linear stability is a necessary condition to have orbital stability."
}

@Article{PRL_2015,
  author    = {Kevrekidis, P. G. and Pelinovsky, D. E. and Saxena, A.},
  title     = {When Linear Stability Does Not Exclude Nonlinear Instability},
  journal   = {Phys. Rev. Lett.},
  year      = {2015},
  volume    = {114},
  pages     = {214101},
  month     = {May},
  doi       = {10.1103/PhysRevLett.114.214101},
  issue     = {21},
  numpages  = {6},
  publisher = {American Physical Society},
  url       = {https://link.aps.org/doi/10.1103/PhysRevLett.114.214101},
}

@Book{pelinovsky_2011,
  title      = {Localization in Periodic Potentials: From {Schr\"{o}dinger} Operators to the {GrossâPitaevskii} Equation},
  publisher  = {Cambridge University Press},
  year       = {2011},
  author     = {Pelinovsky, Dmitry E.},
  series     = {London Mathematical Society Lecture Note Series},
  collection = {London Mathematical Society Lecture Note Series},
  doi        = {10.1017/CBO9780511997754},
  place      = {Cambridge},
}

@Article{herrmann_2011,
  author  = {Michael Herrmann},
  title   = {Homoclinic standing waves in focusing {DNLS} equations},
  journal = {Discrete \& Continuous Dynamical Systems - A},
  year    = {2011},
  volume  = {31},
  pages   = {737},
  issn    = {1078-0947},
  doi     = {10.3934/dcds.2011.31.737},
  url     = {http://aimsciences.org//article/id/5b620f40-676e-42c9-a856-208dc56fad67},
}

@Book{Kevrekidis2009,
  title     = {The Discrete Nonlinear {Schr\"{o}dinger} Equation},
  publisher = {Springer Berlin Heidelberg},
  year      = {2009},
  author    = {Panayotis G. Kevrekidis},
  doi       = {10.1007/978-3-540-89199-4},
}

@Article{Pelinovsky2005,
  author    = {D.E. Pelinovsky and P.G. Kevrekidis and D.J. Frantzeskakis},
  title     = {Stability of discrete solitons in nonlinear {Schr\"{o}dinger} lattices},
  journal   = {Physica D: Nonlinear Phenomena},
  year      = {2005},
  volume    = {212},
  number    = {1-2},
  pages     = {1--19},
  month     = {dec},
  doi       = {10.1016/j.physd.2005.07.021},
  publisher = {Elsevier {BV}},
}

@Article{vo3a,
  author    = {Neshev, Dragomir N. and Alexander, Tristram J. and Ostrovskaya, Elena A. and Kivshar, Yuri S. and Martin, Hector and Makasyuk, Igor and Chen, Zhigang},
  title     = {Observation of Discrete Vortex Solitons in Optically Induced Photonic Lattices},
  journal   = {Phys. Rev. Lett.},
  year      = {2004},
  volume    = {92},
  pages     = {123903},
  month     = {Mar},
  doi       = {10.1103/PhysRevLett.92.123903},
  issue     = {12},
  numpages  = {4},
  publisher = {American Physical Society},
  url       = {https://link.aps.org/doi/10.1103/PhysRevLett.92.123903},
}

@Article{vo3b,
  author    = {Fleischer, Jason W. and Bartal, Guy and Cohen, Oren and Manela, Ofer and Segev, Mordechai and Hudock, Jared and Christodoulides, Demetrios N.},
  title     = {Observation of Vortex-Ring ``Discrete'' Solitons in {2D} Photonic Lattices},
  journal   = {Phys. Rev. Lett.},
  year      = {2004},
  volume    = {92},
  pages     = {123904},
  month     = {Mar},
  doi       = {10.1103/PhysRevLett.92.123904},
  issue     = {12},
  numpages  = {4},
  publisher = {American Physical Society},
  url       = {https://link.aps.org/doi/10.1103/PhysRevLett.92.123904},
}

@Article{alfimov,
  author   = {G.L. Alfimov and V.A. Brazhnyi and V.V. Konotop},
  title    = {On classification of intrinsic localized modes for the discrete nonlinear {Schr\"{o}dinger} equation},
  journal  = {Physica D: Nonlinear Phenomena},
  year     = {2004},
  volume   = {194},
  number   = {1},
  pages    = {127 - 150},
  issn     = {0167-2789},
  doi      = {https://doi.org/10.1016/j.physd.2004.02.001},
  keywords = {Discrete nonlinear SchrÃ¶dinger equation, Intrinsic localized modes, Discrete breather, Bifurcations},
  url      = {http://www.sciencedirect.com/science/article/pii/S0167278904000910},
}

@Article{turner,
  author    = {C.V. Turner and R.R. Rosales},
  title     = {The Small Dispersion Limit for a Nonlinear Semidiscrete System of Equations},
  journal   = {Stud. Appl. Math.},
  year      = {2001},
  volume    = {99},
  number    = {1},
  pages     = {205--254},
  doi       = {10.1111/1467-9590.00060},
  publisher = {Wiley},
}

@Article{alanold,
  author    = {P G Kevrekidis and B A Malomed and A R Bishop},
  title     = {Bound states of two-dimensional solitons in the discrete nonlinear {Schr\"{o}dinger} equation},
  journal   = {Journal of Physics A: Mathematical and General},
  year      = {2001},
  volume    = {34},
  number    = {45},
  pages     = {9615--9629},
  month     = {nov},
  doi       = {10.1088/0305-4470/34/45/302},
  publisher = {{IOP} Publishing},
}

@Article{kevold,
  author    = {Kevrekidis, P. G.},
  title     = {Multipulses in discrete {Hamiltonian} nonlinear systems},
  journal   = {Phys. Rev. E},
  year      = {2001},
  volume    = {64},
  pages     = {026611},
  month     = {Jul},
  doi       = {10.1103/PhysRevE.64.026611},
  issue     = {2},
  numpages  = {5},
  publisher = {American Physical Society},
  url       = {https://link.aps.org/doi/10.1103/PhysRevE.64.026611},
}

@Article{Kapitula2001a,
  author    = {T. Kapitula and P. G. Kevrekidis and B. A. Malomed},
  title     = {Stability of multiple pulses in discrete systems},
  journal   = {Physical Review E},
  year      = {2001},
  volume    = {63},
  number    = {3},
  month     = {feb},
  doi       = {10.1103/physreve.63.036604},
  publisher = {American Physical Society ({APS})},
}

@Article{Kapitula2001,
  author    = {Todd Kapitula and Panayotis Kevrekidis},
  title     = {Stability of waves in discrete systems},
  journal   = {Nonlinearity},
  year      = {2001},
  volume    = {14},
  number    = {3},
  pages     = {533--566},
  month     = {apr},
  doi       = {10.1088/0951-7715/14/3/306},
  publisher = {{IOP} Publishing},
}

@Article{Knobloch2000,
  author    = {J. Knobloch},
  title     = {{L}in's method for discrete dynamical systems},
  journal   = {Journal of Difference Equations and Applications},
  year      = {2000},
  volume    = {6},
  number    = {5},
  pages     = {577--623},
  month     = {jan},
  doi       = {10.1080/10236190008808247},
  publisher = {Informa {UK} Limited},
}

@Article{Johansson2000,
  author    = {Magnus Johansson and Serge Aubry},
  title     = {Growth and decay of discrete nonlinear {Schr\"{o}dinger} breathers interacting with internal modes or standing-wave phonons},
  journal   = {Physical Review E},
  year      = {2000},
  volume    = {61},
  number    = {5},
  pages     = {5864--5879},
  month     = {may},
  doi       = {10.1103/physreve.61.5864},
  publisher = {American Physical Society ({APS})},
}
{elphick,
 author    = {C. Elphick and E. Meron and E.A. Spiegel},
  title     = {Patterns of Propagating Pulses},
  journal   = {SIAM J. Appl. Math.},
  year      = {1990},
  volume    = {50},
  number    = {02},
  pages     = {490--503},
  doi       = {10.1137/0150029},
  publisher = {Society for Industrial and Applied Mathematics,
}

@Article{Sandstede1998,
  author    = {Bj{\"o}rn Sandstede},
  title     = {Stability of multiple-pulse solutions},
  journal   = {Transactions of the American Mathematical Society},
  year      = {1998},
  volume    = {350},
  number    = {02},
  pages     = {429--473},
  month     = {feb},
  doi       = {10.1090/s0002-9947-98-01673-0},
  publisher = {American Mathematical Society ({AMS})},
}

@Article{SandstedeStrut,
  author    = {B. Sandstede},
  title     = {Instability of localized buckling modes in a one-dimensional strut model},
  journal   = {Philosophical Transactions of the Royal Society A: Mathematical, Physical and Engineering Sciences},
  year      = {1997},
  volume    = {355},
  number    = {1732},
  pages     = {2083--2097},
  month     = {nov},
  doi       = {10.1098/rsta.1997.0111},
  publisher = {The Royal Society},
}

@Article{Sandstede1997,
  author    = {B Sandstede},
  title     = {Convergence estimates for the numerical approximation of homoclinic solutions},
  journal   = {{IMA} Journal of Numerical Analysis},
  year      = {1997},
  volume    = {17},
  number    = {3},
  pages     = {437--462},
  month     = {jul},
  doi       = {10.1093/imanum/17.3.437},
  publisher = {Oxford University Press ({OUP})},
}

@Article{Beyn1997,
  author    = {W. J. Beyn and J. M. Kleinkauf},
  title     = {The Numerical Computation of Homoclinic Orbits for Maps},
  journal   = {{SIAM} Journal on Numerical Analysis},
  year      = {1997},
  volume    = {34},
  number    = {3},
  pages     = {1207--1236},
  month     = {jun},
  doi       = {10.1137/s0036142995281693},
  publisher = {Society for Industrial {\&} Applied Mathematics ({SIAM})},
}

@Book{Jirari1995,
  title     = {Second-Order {Sturm-Liouville} Difference Equations And Orthogonal Polynomials},
  publisher = {American Mathematical Society},
  year      = {1995},
  author    = {Jirari, Alouf},
  isbn      = {082180359X},
  date      = {1995-02-28},
  ean       = {9780821803592},
  url       = {https://www.ebook.de/de/product/35018656/second_order_sturm_liouville_difference_equations_and_orthogonal_polynomials.html},
}

@PhdThesis{Sandstede1993,
  author = {BjÃ¶rn Sandstede},
  title  = {{Verzweigungstheorie} homokliner {Verdopplungen}},
  school = {University of Stuttgart},
  year   = {1993},
}

@Article{ohta,
  author  = {Ohta ,Yasuhiro and Hirota ,Ryogo},
  title   = {A Discrete {KdV} Equation and its {Casorati} Determinant Solution},
  journal = {Journal of the Physical Society of Japan},
  year    = {1991},
  volume  = {60},
  number  = {6},
  pages   = {2095-2095},
  doi     = {10.1143/JPSJ.60.2095},
}

@Article{peyrard,
  author    = {M. Peyrard and M.D. Kruskal},
  title     = {Kink dynamics in the highly discrete {sine-Gordon} system},
  journal   = {Physica D},
  year      = {1984},
  volume    = {14},
  number    = {1},
  pages     = {88--102},
  doi       = {10.1016/0167-2789(84)90006-X},
  publisher = {Elsevier},
}

@Article{Evans1982,
  author    = {John W. Evans and Neil Fenichel and John A. Feroe},
  title     = {Double Impulse Solutions in Nerve Axon Equations},
  journal   = {{SIAM} Journal on Applied Mathematics},
  year      = {1982},
  volume    = {42},
  number    = {2},
  pages     = {219--234},
  month     = {apr},
  doi       = {10.1137/0142016},
  publisher = {Society for Industrial {\&} Applied Mathematics ({SIAM})},
}

@Article{Lin1990,
  author    = {Xiao-Biao Lin},
  title     = {Using {M}elnikov{'}s method to solve {S}ilnikov{'}s problems},
  journal   = {Proceedings of the Royal Society of Edinburgh: Section A Mathematics},
  year      = {1990},
  volume    = {116},
  number    = {3-4},
  pages     = {295--325},
  doi       = {10.1017/s0308210500031528},
  publisher = {Cambridge University Press ({CUP})},
}

@Article{Buffoni1996,
  author  = {Buffoni, B. and Champneys, A. R. and Toland, J. F.},
  title   = {Bifurcation and coalescence of a plethora of homoclinic orbits for a {H}amiltonian system},
  journal = {Journal of Dynamics and Differential Equations},
  year    = {1996},
  volume  = {8},
  number  = {2},
  pages   = {221--279},
  month   = {Apr},
  issn    = {1572-9222},
  day     = {01},
  doi     = {10.1007/BF02218892},
  url     = {https://doi.org/10.1007/BF02218892},
}

@inbook{Sandstede2002,
author = {Sandstede, Bj{\"o}rn},
year = {2002},
month = {01},
pages = {983-1055},
title = {Stability of travelling waves}
}

@Article{Nagatou2019,
  author    = {K. Nagatou and M. Plum and P.J. McKenna},
  title     = {Orbital stability investigations for travelling waves in a nonlinearly supported beam},
  journal   = {Journal of Differential Equations},
  year      = {2019},
  volume    = {268},
  number    = {1},
  pages     = {80--114},
  month     = {dec},
  doi       = {10.1016/j.jde.2019.08.008},
  publisher = {Elsevier {BV}},
}

@Article{Kevrekidis2002,
  author    = {P G Kevrekidis and I G Kevrekidis and B A Malomed},
  title     = {Stability of solitary waves in finite {A}blowitz{\textendash}{L}adik lattices},
  journal   = {Journal of Physics A: Mathematical and General},
  year      = {2002},
  volume    = {35},
  number    = {2},
  pages     = {267--283},
  month     = {jan},
  doi       = {10.1088/0305-4470/35/2/307},
  publisher = {{IOP} Publishing},
}

@Article{Palmer1984,
  author = {K Palmer},
  title  = {Exponential transversal dichotomies and homoclinic points},
  jornal = {J. Diff. Eq.},
  volume = {55},
  year   = {1984},
  pages  = {225-256}
}

@Book{Evans2010,
  title     = {Partial Differential Equations},
  publisher = {American Mathematical Society},
  year      = {2010},
  author    = {L Evans},
}

@Book{Coppel1978,
  title     = {Dichotomies in stability theory},
  publisher = {Springer Berlin Heidelberg},
  year      = {1978},
  author    = {W Coppel},
}

@article{Yanagida1989,
  author = {Eiji Yanagida and Kenjiro Maginu},
  doi = {10.1137/0149069},
  url = {https://doi.org/10.1137/0149069},
  year = {1989},
  month = {aug},
  publisher = {Society for Industrial {\&} Applied Mathematics ({SIAM})},
  volume = {49},
  number = {4},
  pages = {1158--1173},
  title = {Stability of Double-Pulse Solutions in Nerve Axon Equations},
  journal = {{SIAM} Journal on Applied Mathematics}
}

@article{Johansson1999,
  title = {Discreteness-induced oscillatory instabilities of dark solitons},
  volume = {82},
  issn = {0031-9007, 1079-7114},
  url = {https://link.aps.org/doi/10.1103/PhysRevLett.82.85},
  doi = {10.1103/PhysRevLett.82.85},
  language = {en},
  number = {1},
  urldate = {2020-07-08},
  journal = {Physical Review Letters},
  author = {Johansson, Magnus and Kivshar, Yuri S.},
  month = {jan},
  year = {1999},
  pages = {85--88},
  file = {Johansson and Kivshar - 1999 - Discreteness-Induced Oscillatory Instabilities of .pdf:/Users/karenlarson/Zotero/storage/3Q3E2UA4/Johansson and Kivshar - 1999 - Discreteness-Induced Oscillatory Instabilities of .pdf:application/pdf}
}

@article{Alexander1990,
author = {Alexander, J., Gardner, R., Jones, C.},
journal = {Journal f{\"u}r die reine und angewandte Mathematik},
keywords = {topological invariant; travelling waves; semilinear parabolic systems; linearization; spectrum},
pages = {167-212},
title = {A topological invariant arising in the stability analysis of travelling waves.},
url = {http://eudml.org/doc/153264},
volume = {410},
year = {1990}
}

@article{Feroe1986,
  doi = {10.1137/0146064},
  url = {https://doi.org/10.1137/0146064},
  year = {1986},
  month = {dec},
  publisher = {Society for Industrial {\&} Applied Mathematics ({SIAM})},
  volume = {46},
  number = {6},
  pages = {1079--1097},
  author = {John A. Feroe},
  title = {Existence of Traveling Wave Trains in Nerve Axon Equations},
  journal = {{SIAM} Journal on Applied Mathematics}
}

@article{Alexander1994,
  author = {Alexander, J. and Jones, C.},
  doi = {10.1515/crll.1994.446.49},
  url = {https://doi.org/10.1515/crll.1994.446.49},
  year = {1994},
  month = {jan},
  publisher = {Walter de Gruyter {GmbH}},
  volume = {1994},
  number = {446},
  pages = {49--80},
  title = {Existence and stability of asymptotically oscillatory double pulses.},
  journal = {Journal f\"{u}r die reine und angewandte Mathematik (Crelles Journal)}
}

@article{Yew2001,
  doi = {10.1006/jdeq.2000.3922},
  url = {https://doi.org/10.1006/jdeq.2000.3922},
  year = {2001},
  month = jun,
  publisher = {Elsevier {BV}},
  volume = {173},
  number = {1},
  pages = {92--137},
  author = {Alice C. Yew},
  title = {Multipulses of Nonlinearly Coupled {S}chr\"{o}dinger Equations},
  journal = {Journal of Differential Equations}
}

@article{Yew2000,
author = {Yew, Alice},
year = {2000},
month = {09},
pages = {0-0},
title = {Stability Analysis of Multipulses in Nonlinearly-Coupled {S}chr\"{o}dinger Equations},
volume = {49},
journal = {Indiana University Mathematics Journal - INDIANA UNIV MATH J},
doi = {10.1512/iumj.2000.49.1826}
}

@article{Manukian2009,
  doi = {10.1016/j.jde.2009.06.010},
  url = {https://doi.org/10.1016/j.jde.2009.06.010},
  year = {2009},
  month = sep,
  publisher = {Elsevier {BV}},
  volume = {247},
  number = {6},
  pages = {1866--1898},
  author = {Vahagn Manukian and Bj\"{o}rn Sandstede},
  title = {Multi-hump pulses in systems with reflection and phase invariance},
  journal = {Journal of Differential Equations}
}

@article{Pelinovsky2001,
author = {Pelinovsky, Dmitry and Kivshar, Yuri},
year = {2001},
month = {01},
pages = {8668-76},
title = {Stability criterion for multicomponent solitary waves},
volume = {62},
journal = {Physical review. E, Statistical physics, plasmas, fluids, and related interdisciplinary topics},
doi = {10.1103/PhysRevE.62.8668}
}

@article{Pelinovsky2005,
  doi = {10.1111/j.1467-9590.2005.01565},
  url = {https://doi.org/10.1111/j.1467-9590.2005.01565},
  year = {2005},
  month = jul,
  publisher = {Wiley},
  volume = {115},
  number = {1},
  pages = {109--137},
  author = {Dmitry E. Pelinovsky and Jianke Yang},
  title = {Instabilities of Multihump Vector Solitons in Coupled Nonlinear {S}chr\"{o}dinger Equations},
  journal = {Studies in Applied Mathematics}
}

@article{Kapitula2007,
author = {Kapitula, Todd},
year = {2007},
month = {03},
pages = {879},
title = {On the stability of {N}-solitons in integrable systems},
volume = {20},
journal = {Nonlinearity},
doi = {10.1088/0951-7715/20/4/005}
}

@article{Kapitula2020,
  title = {A {reformulated} {Krein} {matrix} for {star}-{even} {polynomial} {operators} with {applications}},
  volume = {52},
  issn = {0036-1410, 1095-7154},
  url = {https://epubs.siam.org/doi/10.1137/19M124246X},
  doi = {10.1137/19M124246X},
  number = {5},
  urldate = {2020-10-10},
  journal = {SIAM Journal on Mathematical Analysis},
  author = {Kapitula, T. and Parker, R. and Sandstede, B.},
  year = {2020},
  pages = {4705--4750},
}


@article{Bona1987,
 ISSN = {00804630},
 URL = {http://www.jstor.org/stable/2398037},
 number = {1841},
 pages = {395--412},
 publisher = {The Royal Society},
 title = {Stability and Instability of Solitary Waves of {K}orteweg-de {V}ries Type},
 volume = {411},
 year = {1987}
}

@article{Pava2006,
author = {Pava, Jaime and Bona, J. and Scialom, Marcia},
year = {2006},
month = {12},
pages = {},
title = {Stability of cnoidal waves},
volume = {11},
journal = {Advances in Differential Equations}
}

@article{KdVoriginal,
author = {Korteweg, D. J. and de Vries, G.},
title = {On the change of form of long waves advancing in a rectangular canal, and on a new type of long stationary waves},
journal = {The London, Edinburgh, and Dublin Philosophical Magazine and Journal of Science},
volume = {39},
number = {240},
pages = {422-443},
year  = {1895},
doi = {10.1080/14786449508620739},
}

@article{Bottman2009,
  doi = {10.3934/dcds.2009.25.1163},
  url = {https://doi.org/10.3934/dcds.2009.25.1163},
  year = {2009},
  publisher = {American Institute of Mathematical Sciences ({AIMS})},
  volume = {25},
  number = {4},
  pages = {1163--1180},
  author = {Nate Bottman Bernard Deconinck},
  title = {{KdV} cnoidal waves are spectrally stable},
  journal = {Discrete {\&} Continuous Dynamical Systems - A}
}

@article{Hakkaev2014,
  doi = {10.1017/s0308210512000741},
  url = {https://doi.org/10.1017/s0308210512000741},
  year = {2014},
  month = may,
  publisher = {Cambridge University Press ({CUP})},
  volume = {144},
  number = {3},
  pages = {455--489},
  author = {Sevdzhan Hakkaev and Milena Stanislavova and Atanas Stefanov},
  title = {Linear stability analysis for periodic travelling waves of the {B}oussinesq equation and the {K}lein{\textendash}{G}ordon{\textendash}{Z}akharov system},
  journal = {Proceedings of the Royal Society of Edinburgh: Section A Mathematics}
}

@article{Demirkaya2015,
author = {Demirkaya, Aslihan and Hakkaev, Sevdzhan and Stanislavova, Milena and Stefanov, A.},
year = {2015},
month = {05},
pages = {431-454},
title = {On the spectral stability of periodic waves of the {K}lein-{G}ordon equation},
volume = {28},
journal = {Differential and Integral Equations}
}

@article{Hakkaev2017,
author = {Hakkaev, Sevdzhan and Stanislavova, Milena and Stefanov, A.},
year = {2017},
month = {01},
pages = {674-698},
title = {Periodic Traveling Waves of the Regularized Short Pulse and {O}strovsky Equations: Existence and Stability},
volume = {49},
journal = {SIAM Journal on Mathematical Analysis},
doi = {10.1137/15M1037901}
}

@article{Johnson2009,
  doi = {10.1137/090752249},
  url = {https://doi.org/10.1137/090752249},
  year = {2009},
  month = jan,
  publisher = {Society for Industrial {\&} Applied Mathematics ({SIAM})},
  volume = {41},
  number = {5},
  pages = {1921--1947},
  author = {Mathew A. Johnson},
  title = {Nonlinear Stability of Periodic Traveling Wave Solutions of the Generalized {K}orteweg{\textendash}de {V}ries Equation},
  journal = {{SIAM} Journal on Mathematical Analysis}
}

@article{Hur2015,
  doi = {10.1137/12090215x},
  url = {https://doi.org/10.1137/12090215x},
  year = {2015},
  month = jan,
  publisher = {Society for Industrial {\&} Applied Mathematics ({SIAM})},
  volume = {47},
  number = {5},
  pages = {3528--3554},
  author = {Vera Mikyoung Hur and Mathew A. Johnson},
  title = {Stability of Periodic Traveling Waves for Nonlinear Dispersive Equations},
  journal = {{SIAM} Journal on Mathematical Analysis}
}

@article{Barker2013,
  doi = {10.1016/j.physd.2013.04.011},
  url = {https://doi.org/10.1016/j.physd.2013.04.011},
  year = {2013},
  month = sep,
  publisher = {Elsevier {BV}},
  volume = {258},
  pages = {11--46},
  author = {Blake Barker and Mathew A. Johnson and Pascal Noble and L. Miguel Rodrigues and Kevin Zumbrun},
  title = {Nonlinear modulational stability of periodic traveling-wave solutions of the generalized {K}uramoto{\textendash}{S}ivashinsky equation},
  journal = {Physica D: Nonlinear Phenomena}
}

@Comment{jabref-meta: databaseType:bibtex;}
